<record><leader>00000cas a2200000 a 4500</leader><controlfield tag="001">9492800</controlfield><controlfield tag="008">830509d18321834miuwr ne      0    0eng  </controlfield><datafield ind1=" " ind2=" " tag="010"><subfield code="a">sn 83016145 </subfield></datafield><datafield ind1=" " ind2=" " tag="040"><subfield code="a">DLC</subfield><subfield code="b">eng</subfield><subfield code="c">DLC</subfield><subfield code="d">NPX</subfield><subfield code="d">DLC</subfield><subfield code="d">MHN</subfield><subfield code="d">OCL</subfield><subfield code="d">OCLCQ</subfield><subfield code="d">OCLCO</subfield><subfield code="d">OCLCF</subfield></datafield><datafield ind1="1" ind2=" " tag="029"><subfield code="a">AU@</subfield><subfield code="b">000020121520</subfield></datafield><datafield ind1=" " ind2=" " tag="042"><subfield code="a">pcc</subfield></datafield><datafield ind1=" " ind2=" " tag="043"><subfield code="a">n-us-mi</subfield></datafield><datafield ind1="0" ind2="0" tag="050"><subfield code="a">Newspaper 8401-X</subfield></datafield><datafield ind1="0" ind2="0" tag="245"><subfield code="a">Michigan emigrant.</subfield></datafield><datafield ind1="1" ind2="7" tag="246"><subfield code="a">Emigrant</subfield></datafield><datafield ind1=" " ind2=" " tag="260"><subfield code="a">Ann Arbor :</subfield><subfield code="b">S.W. Dexter</subfield></datafield><datafield ind1=" " ind2=" " tag="300"><subfield code="a">v. ;</subfield><subfield code="c">68 cm.</subfield></datafield><datafield ind1=" " ind2=" " tag="310"><subfield code="a">Weekly</subfield></datafield><datafield ind1="1" ind2=" " tag="362"><subfield code="a">Began in Dec. 1832; ceased with Nov. 20, 1834 issue.</subfield></datafield><datafield ind1=" " ind2=" " tag="500"><subfield code="a">Publisher: Geo. Corselius, &lt;Feb. 20, 1833&gt;-</subfield></datafield><datafield ind1=" " ind2=" " tag="500"><subfield code="a">&lt;Feb. 20, 1833&gt;-Nov. 13, 1834 give place of publication as: Washtenaw County, M.T. [i.e. Michigan Territory].</subfield></datafield><datafield ind1=" " ind2=" " tag="588"><subfield code="a">Description based on: Dec. 26, 1832.</subfield></datafield><datafield ind1=" " ind2="0" tag="651"><subfield code="a">Ann Arbor (Mich.)</subfield><subfield code="v">Newspapers.</subfield></datafield><datafield ind1=" " ind2="0" tag="651"><subfield code="a">Washtenaw County (Mich.)</subfield><subfield code="v">Newspapers.</subfield></datafield><datafield ind1=" " ind2="7" tag="655"><subfield code="a">Newspapers.</subfield><subfield code="2">fast</subfield><subfield code="0">(OCoLC)fst01423814</subfield></datafield><datafield ind1=" " ind2="7" tag="651"><subfield code="a">Michigan</subfield><subfield code="z">Ann Arbor.</subfield><subfield code="2">fast</subfield><subfield code="0">(OCoLC)fst01204587</subfield></datafield><datafield ind1=" " ind2="7" tag="651"><subfield code="a">Michigan</subfield><subfield code="z">Washtenaw County.</subfield><subfield code="2">fast</subfield><subfield code="0">(OCoLC)fst01214739</subfield></datafield><datafield ind1=" " ind2=" " tag="752"><subfield code="a">United States</subfield><subfield code="b">Michigan</subfield><subfield code="c">Washtenaw</subfield><subfield code="d">Ann Arbor.</subfield></datafield><datafield ind1="0" ind2="0" tag="780"><subfield code="t">Emigrant (Ann Arbor, Mich.)</subfield><subfield code="w">(DLC)sn 83016144</subfield><subfield code="w">(OCoLC)9492932</subfield></datafield></record>